3210 5202
355 439 415 507 112
636 435 841 499 ¹DIALOGUS
860 434 911 488 DE
929 433 1170 489 ORATORIBUS.

352 612 488 690 litatem,
511 610 564 675 ille
588 608 718 676 moralia
740 607 842 692 pertis
863 607 1047 685 utilitatem,
1070 605 1123 672 ille
1142 625 1249 670 rerum
1269 611 1376 671 motus
1399 627 1476 671 cau·

292 725 331 788 20
355 739 470 805 sasque
493 724 701 804 cognoverat3
731 720 777 783 ita
799 723 847 784 cst
870 719 964 798 enim,
988 717 1100 800 optimi
1123 716 1190 795 viri,
1213 717 1275 780 ita:
1306 737 1347 780 ex
1371 717 1479 782 multe

355 831 533 897 eruditione
562 838 595 896 et
624 830 770 914 plurimis
799 829 924 894 artibus
961 835 994 893 et
1026 828 1165 894 omnium
1197 847 1305 892 rerum
1340 827 1480 892 scientia

355 941 499 1008 exundat
520 947 554 1006 et
576 940 731 1005 exuberat
753 939 808 1004 illa
830 938 1030 1004 admirabilis
1055 937 1253 1020 eloquentie3
1278 957 1381 1020 neque
1404 958 1479 1002 ora-

353 1054 432 1120 toris
463 1053 509 1118 ris
546 1057 581 1116 et
613 1051 750 1116 facultas
788 1050 870 1114 sicut
907 1053 1083 1114 ceterarum
1125 1065 1231 1113 rerum
1265 1047 1410 1131 angustis
1444 1051 1479 1113 et

357 1163 507 1230 brevibus
529 1161 674 1226 terminis
702 1161 858 1240 cluditur,
886 1159 939 1224 sed
969 1160 995 1222 is
1016 1163 1065 1223 est
1094 1165 1217 1239 orator,
1246 1158 1363 1241 quide
1387 1160 1478 1227 omni

294 1277 334 1340 30
351 1275 543 1360 quaestione
564 1271 697 1355 pulchre
728 1276 760 1336 et
783 1274 894 1337 ornate
925 1275 958 1334 ei
981 1269 1020 1332 ad
1052 1269 1305 1351 persuadendum
1331 1274 1406 1352 apte
1429 1269 1476 1334 di·

359 1404 430 1450 cere
452 1403 511 1468 pro
533 1382 697 1467 dignitate·
710 1403 829 1462 rerum,
851 1381 890 1446 ad
915 1379 1088 1445 utilitatem
1111 1384 1302 1464 temporum,
1326 1399 1400 1446 oum
1422 1401 1476 1446 vc-

289 1499 327 1565 31
355 1494 479 1579 luptate
499 1493 697 1559 audientium
721 1494 829 1576 possit.
863 1492 932 1558 Hoc
954 1489 1016 1556 sibi
1038 1489 1084 1554 illi
1099 1493 1222 1554 veteres
1237 1497 1475 1572 persuaserant,

355 1607 394 1671 ad
416 1605 476 1670 hoc
498 1603 699 1669 efficiendum
722 1601 953 1684 intellegebant
973 1621 1051 1684 opus
1072 1619 1140 1665 esse
1162 1621 1226 1664 non
1248 1606 1285 1664 ut
1309 1602 1344 1665 in
1367 1601 1476 1667 rheto-

356 1736 428 1781 rum
453 1715 568 1780 scholis
593 1715 810 1778 declamarent
830 1733 891 1778 nec
910 1719 948 1777 ut
967 1711 1050 1778 fictis
1071 1731 1130 1774 nec
1153 1709 1218 1775 ullo
1241 1711 1335 1778 modo
1358 1712 1401 1776 ad
1420 1733 1476 1777 uve-

354 1827 484 1890 ritatem
507 1823 730 1888 accedentibus
758 1823 980 1889 controversiis
1008 1823 1146 1906 linguam
1174 1822 1267 1890 modo
1301 1827 1334 1886 et
1365 1843 1476 1888 vocem

317 1948 334 2006 5
358 1940 551 2015 exercerent,
583 1934 637 1998 sed
660 1941 697 1999 ut
725 1934 763 1998 iis
785 1933 908 2000 artibus
940 1939 1050 2016 pectus
1080 1930 1270 2014 implerent,
1301 1932 1477 2016 inquibus

355 2047 394 2110 de
417 2044 569 2112 boniaac
592 2045 694 2123 malis,
725 2044 764 2110 de
787 2044 921 2110 honesto
944 2049 976 2108 et
998 2043 1095 2125 turpi,
1132 2041 1172 2107 de
1195 2043 1280 2107 iusto
1300 2046 1335 2107 et
1356 2045 1477 2110 iniusto

355 2157 556 2240 disputatum
596 2155 675 2220 haec
705 2157 788 2220 enim
823 2162 872 2220 est
908 2155 1029 2219 oratori
1062 2152 1205 2218 subiecta
1235 2153 1274 2216 ad
1304 2153 1478 2218 dicendum

358 2266 510 2331 materia:
534 2286 608 2330 nam
632 2266 665 2328 in
686 2264 808 2330 iudiciis
831 2265 898 2329 fere
920 2263 959 2328 de
982 2265 1155 2346 aequitate,
1185 2263 1217 2327 in
1240 2263 1478 2329 deliberationi·

356 2496 460 2563 atera
479 2495 580 2548 ebeuao
598 2494 669 2548 noch
686 2508 708 2547 c,
728 2497 760 2546 31
780 2495 848 2547 med.
867 2494 892 2547 S.
934 2494 961 2546 in
989 2499 1122 2548 certarum
1150 2510 1183 2546 au
1208 2492 1377 2559 verwandcln
1413 2493 1479 2548 oder

354 2579 387 2617 au
408 2579 431 2616 c.
451 2565 491 2630 16,
510 2564 534 2615 6.
555 2565 596 2630 19,
616 2565 639 2616 5.
934 2563 1003 2616 auch
1028 2579 1079 2615 nur
1113 2561 1155 2616 die
1187 2563 1299 2616 letztcre
1326 2561 1479 2631 Auderung

388 2634 429 2686 24.
447 2647 538 2686 reram
559 2637 644 2683 motas
663 2648 828 2700 coecosque:
847 2631 893 2686 dass
934 2631 1133 2685 vorzunehmen
1160 2630 1213 2684 und
1238 2634 1308 2683 sicat
1326 2645 1359 2683 zu
1380 2631 1476 2700 tilgen.

354 2702 403 2755 mit
421 2699 487 2754 wird
506 2699 554 2754 der
573 2700 654 2754 dritta
665 2699 826 2768 Haupttbeil
846 2699 894 2752 der
935 2699 1062 2753 Indessen
1083 2698 1188 2753 schcint
1208 2699 1265 2765 dies
1281 2699 1357 2752 nicht
1372 2701 1478 2768 nbthig,

355 2768 539 2838 Philosophie,
559 2768 602 2824 die
623 2770 663 2822 Ph
683 2769 725 2822 silr
745 2769 817 2834 oder,
844 2769 894 2822 wie
935 2768 988 2821 und
1009 2767 1056 2821 der
1074 2768 1159 2822 durch
1179 2767 1221 2821 die
1239 2767 1392 2836 Anderung
1420 2776 1479 2822 ent·

353 2839 401 2891 wir
419 2838 635 2905 aagenwtrdcn,
655 2785 893 2906 dchetaphysik,
935 2837 1066 2890 stchende
1094 2835 1158 2889 Sinn
1193 2838 1229 2891 ist
1255 2835 1371 2890 deshalb
1401 2837 1479 2890 nicht

355 2907 520 2961 bezeichnet.
559 2905 653 2961 Cicero
677 2910 740 2974 segt
764 2921 816 2960 von
842 2905 894 2960 den
934 2921 1002 2973 ganz
1022 2905 1159 2974 pascend,
1187 2903 1225 2960 da
1249 2909 1336 2957 certae
1354 2920 1399 2958 res
1427 2905 1477 2959 wie

355 2975 413 3031 drei
430 2975 545 3031 Theilen
566 2975 598 3029 dc
618 2975 694 3029 liinn.
707 2977 727 3043 l,
739 2979 764 3042 4,
783 2975 815 3027 9:
835 2975 894 3028 Uoc
936 2991 970 3028 an
988 2974 1036 3028 der
1055 2974 1137 3028 Stella
1157 2974 1211 3028 Cic.
1230 2973 1353 3039 dailai,
1375 2977 1416 3040 12,
1436 2977 1477 3042 52,

354 3061 419 3112 pare
439 3050 479 3098 est
492 3052 615 3113 naturae,
635 3047 784 3098 disserendi
800 3047 894 3110 attero,
936 3044 980 3097 die
1007 3059 1057 3096 zur
1087 3041 1308 3163 Untersttttaunp)
1328 3041 1477 3110 angefdhrt

354 3116 463 3168 cioeadi
482 3117 573 3181 tertia,
600 3115 651 3182 vgl.
670 3114 760 3180 Quint.
780 3113 894 3182 Χ11,2,
935 3113 1011 3180 wird,
1037 3127 1088 3164 nur
1118 3111 1267 3166 bestimmte
1309 3110 1475 3168 recessftllc

358 3185 403 3236 10:
429 3185 459 3236 in
478 3188 533 3237 tres
552 3185 642 3235 dicire
660 3188 760 3250 parter,
779 3189 890 3236 aeterra·
937 3180 986 3234 des
1008 3181 1109 3234 Forum
1127 3181 1293 3235 bezeichnen
1312 3180 1441 3251 libante]

356 3255 418 3314 tem,
436 3253 573 3318 moralem,
591 3254 762 3304 rationalem.
977 3251 1018 3302 29.
1055 3253 1178 3302 terminia
1212 3251 1335 3302 cluditur.
1379 3248 1476 3304 Cicero

390 3321 432 3372 25.
459 3322 499 3371 tta
518 3323 577 3371 eet:
604 3320 664 3373 cine
683 3316 832 3374 besonders
851 3318 894 3373 bei
935 3324 996 3386 sagi
1014 3317 1094 3371 delur
1113 3319 1240 3371 ccaeettir
1263 3317 1330 3371 oder
1354 3321 1476 3372 terminis

356 3386 416 3440 dem
444 3386 629 3454 Philosophen
656 3387 760 3442 Seneca
786 3386 895 3455 haufigo
935 3388 1150 3441 circumscribere
1170 3388 1203 3440 de
1217 3385 1261 3440 Or.
1279 3387 1300 3453 I,
1313 3389 1353 3454 12,
1372 3389 1415 3441 52.
1437 3387 1476 3454 10,

367 3472 388 3511 s.
408 3455 480 3510 Einl.
509 3455 536 3510 S.
555 3458 598 3525 13)
626 3455 746 3524 Formel,
774 3471 817 3509 um
844 3455 895 3510 den
935 3457 976 3524 70,
995 3457 1062 3510 oder
1080 3457 1204 3509 terminis
1221 3458 1343 3524 saepire,
1362 3454 1421 3508 (las.
1442 3455 1477 3522 ll,

371 3523 449 3577 nhalt
479 3525 554 3579 einer
579 3523 820 3592 vcrausgeheaden
846 3525 895 3578 Er·
938 3527 963 3590 2,
982 3527 1010 3576 5.

357 3598 486 3662 brterung
502 3593 550 3649 mit
559 3592 724 3648 Nachdruck
737 3610 771 3646 au
786 3593 895 3647 wieder·
969 3593 1051 3646 treet
1077 3598 1189 3647 orator:
1215 3593 1258 3646 die
1278 3589 1478 3647 l'arallelstelle

357 3662 439 3717 helen
458 3661 513 3717 und
532 3661 746 3717 cinzuschbrfen.
937 3660 989 3713 Cic.
1012 3661 1045 3715 de
1065 3661 1110 3714 Or.
1132 3661 1154 3729 1,
1174 3665 1215 3728 15,
1232 3664 1266 3715 64
1286 3659 1391 3714 alilinl.
1412 3662 1438 3714 S.
1452 3665 1476 3714 4.

391 3744 424 3785 ec·
442 3735 528 3785 matta
546 3733 758 3786 erarditioaeetc.
777 3731 828 3798 egl.
841 3731 895 3785 Cic.
971 3743 997 3786 c.
1021 3731 1068 3800 el,
1086 3733 1110 3784 2.
1138 3746 1192 3783 noa
1210 3735 1258 3784 at:
1275 3729 1321 3783 fur
1341 3729 1383 3784 die
1406 3731 1477 3785 Con-

356 3802 390 3856 de
408 3800 453 3855 Or.
473 3802 495 3870 1,
514 3803 539 3870 6,
558 3804 601 3868 20,
620 3817 641 3854 s.
660 3799 732 3854 Einl.
749 3801 774 3853 S.
795 3803 819 3852 3.
935 3800 1065 3854 structicn
1084 3815 1136 3854 von
1156 3815 1222 3868 epar
1241 3803 1280 3852 eet
1298 3797 1346 3852 mit
1364 3801 1396 3852 ut
1411 3798 1478 3853 rrird

391 3871 433 3924 28.
452 3871 807 3924 ricericeteraramreram:
826 3869 896 3938 „ldie
935 3883 987 3920 nur
1016 3869 1086 3923 noch
1111 3868 1155 3922 die
1191 3869 1250 3922 eine
1278 3866 1478 3929 Parallcletellc

356 3941 399 3990 eta
425 3943 450 3991 et
474 3941 593 4008 focatius
619 3939 665 3992 des
684 3937 819 4007 Rcdners)
846 3939 896 3992 wie
936 3936 1022 3992 Plaut.
1042 3937 1121 3990 Truc.
1140 3937 1173 4005 V,
1194 3939 1223 3989 11
1242 3933 1397 4004 angelthrt.

358 4005 401 4060 dic
426 4008 454 4060 in
483 4009 533 4062 den
558 4009 672 4077 dbrigen
696 4007 804 4075 Dingcu
829 4007 896 4062 oder
970 4007 994 4060 5.
1024 4011 1117 4075 pectus
1143 4007 1285 4075 implerent
1309 4003 1358 4058 uie
1385 4009 1479 4074 pectas
1588 4009 1589 4104 p

358 4071 406 4127 aul
424 4075 477 4128 den
496 4073 609 4144 [lbrigcn
628 4076 787 4130 (lebictcn“.
830 4075 894 4148 [Da
936 4077 1066 4143 complere
1086 4075 1140 4128 Cic.
1161 4074 1195 4128 de
1215 4077 1260 4127 Or.
1280 4074 1391 4141 lil,30,
1418 4075 1467 4128 121

357 4142 407 4210 rin,
426 4142 487 4196 dass
508 4144 551 4198 die
564 4145 694 4200 Genetiva
705 4148 823 4199 oratoris
840 4145 895 4199 und
935 4143 988 4212 vgl.
1016 4160 1038 4197 c.
1057 4145 1105 4197 82:
1129 4149 1239 4212 pectora
1267 4143 1395 4211 implebat
1423 4114 1479 4197 unii

357 4216 506 4266 ceterarum
532 4229 621 4268 reram
647 4215 676 4268 in
701 4213 787 4268 einem
812 4219 895 4270 etwas
935 4225 958 4265 c:
972 4214 1018 4266 33:
1056 4213 1144 4266 terram
1162 4215 1204 4268 bie
1222 4212 1327 4266 artibus
1346 4215 1478 4268 amimam.

356 4279 568 4352 verschiedenen
617 4283 894 4352 Abhiingigkeitsver·
936 4280 999 4352 [Die
1044 4279 1171 4336 andechr.
1191 4281 1280 4336 baben
1300 4297 1350 4334 vor
1374 4281 1411 4334 iia
1430 4296 1479 4334 ar·

357 4349 470 4404 baltuiss
497 4365 531 4403 zu
554 4350 641 4405 ihrem
667 4351 772 4407 Nomen
798 4369 894 4421 regens
935 4350 1008 4404 tibae
1027 4351 1070 4404 ein
1089 4351 1165 4406 nicht
1187 4367 1222 4405 au
1239 4349 1479 4418 vertheidigcndee

357 4417 462 4542 ἓξὲξ,
480 4419 547 4541 {lippi
564 4419 712 4488 allerdings
731 4421 790 4476 eine
808 4422 897 4477 kleinc
936 4421 965 4472 ia
985 4419 1207 4492 eingescbcben]

358 4528 530 4638 geschlagen,
555 4563 658 4640 ceurae
678 4562 750 4611 artes
767 4560 838 4614 nach
857 4562 895 4614 ei·
935 4573 988 4611 aar
1014 4561 1141 4614 iadieiate
1167 4555 1347 4680 (baraeaadep,
1373 4557 1422 4611 mit
1448 4561 1478 4612 in

358 4629 403 4677 cat
428 4627 637 4681 crnauechreben
664 4626 720 4680 und
747 4632 897 4682 ceterarum
936 4627 1172 4683 deliberationibus
1196 4629 1246 4683 dae
1271 4629 1323 4682 dati
1340 4630 1477 4683 creticam

553 4503 615 4543 man
640 4489 689 4542 hat
706 4489 818 4546 deshalb
837 4507 896 4546 vor·
970 4491 995 4542 8.
1024 4487 1075 4544 Mit
1093 4491 1123 4544 ia
1141 4491 1250 4543 iudiciis
1269 4487 1337 4543 wird
1360 4488 1409 4542 das
1428 4503 1476 4558 pe·
1588 4513 1589 4538 r
