3230 5204
349 397 392 462 to
651 392 836 448 ailnodus
855 393 905 448 on
925 391 1165 447 oannomnua

349 586 388 632 aa
409 564 495 634 tituli
516 569 550 632 et
571 568 707 644 statuae,
730 584 813 648 quae
826 581 930 646 neque
950 563 1020 647 ipsa
1032 569 1141 630 tamen
1157 563 1379 648 negleguntur,
1402 569 1472 629 tam

351 675 480 744 hercule
509 697 604 760 quam
636 674 764 742 divitiae
793 679 827 740 et
855 694 949 757 opes,
982 695 1061 756 quas
1090 673 1215 740 facilius
1244 675 1386 742 invenies
1414 676 1473 759 qui

287 797 328 862 80
351 788 510 872 vituperet
539 806 636 870 quam
669 785 724 868 qui
757 784 910 852 fastidiat.
956 785 1014 850 His
1043 785 1141 868 igitur
1171 790 1204 850 et
1231 784 1408 852 honoribus
1437 791 1475 850 et

348 897 544 966 ornamentis
569 903 602 964 et
630 895 836 964 facultatibus
864 895 1000 960 refertas
1030 894 1140 960 domos
1170 917 1279 962 eorum
1315 897 1474 978 videmus,

349 1010 402 1094 qui
425 1029 458 1076 se
481 1007 523 1076 ab
545 1008 676 1076 ineunte
700 1007 917 1074 adulescentia
939 1006 1043 1072 causis
1072 1006 1251 1073 forensibus
1273 1011 1307 1072 et
1326 1009 1471 1074 oratorio

351 1119 457 1186 studio
479 1117 647 1184 dederunt.

304 1233 326 1298 9
434 1227 516 1296 Nam
541 1228 684 1294 carmina
706 1233 739 1294 et
761 1247 885 1306 versus,
914 1225 1028 1310 quibus
1054 1231 1156 1292 totam
1179 1226 1276 1292 vitam
1300 1225 1475 1292 Maternus

348 1340 508 1406 insumere
531 1344 622 1423 optat
642 1339 730 1422 (inde
752 1338 837 1403 enim
857 1338 960 1402 omnis
983 1335 1079 1401 fluxit
1101 1337 1217 1420 oratio)
1240 1357 1345 1420 neque
1366 1337 1475 1420 digni·

348 1454 448 1518 tatem
471 1450 571 1518 ullam
593 1448 777 1518 auctoribus
800 1449 864 1514 suis
880 1447 1051 1514 conciliant
1066 1467 1169 1532 neque
1189 1447 1347 1514 utilitates
1368 1451 1475 1530 alunt,

348 1561 545 1646 voluptatem
568 1565 676 1628 autem
699 1559 838 1634 brevem,
868 1557 996 1624 laudem
1024 1559 1151 1624 inanem
1182 1564 1215 1624 et
1237 1558 1474 1624 infructuosam

308 1675 598 1756 occosequuntur.
650 1671 738 1736 Licet
765 1669 843 1736 haec
873 1670 943 1753 ipsa
970 1674 1003 1734 et
1034 1689 1116 1752 quae
1147 1667 1296 1752 deinceps
1325 1669 1477 1735 dicturus

349 1801 430 1864 sum,
453 1801 545 1848 aures
568 1787 659 1861 tuae,
682 1780 837 1860 Materne,
866 1782 1036 1863 respuant:
1068 1779 1119 1843 cui
1142 1777 1225 1843 bono
1249 1785 1307 1860 est,
1337 1781 1365 1844 si
1386 1781 1474 1864 apud

348 1899 380 1962 te
396 1893 613 1976 Agamemnon
634 1895 691 1956 out
711 1891 804 1956 Iason
826 1889 942 1954 diserte
965 1889 1129 1973 loquitur?
1149 1890 1220 1972 quis
1243 1889 1315 1954 ideo
1340 1891 1476 1957 domum

348 2003 496 2072 defensus
519 2008 552 2068 et
573 2000 632 2070 tibi
653 2000 812 2084 obligatus
835 1999 941 2064 redit?
964 1999 1033 2082 quis
1047 1998 1187 2066 Saleium
1202 2006 1360 2082 nostrum,
1385 2024 1478 2087 egre·

348 2115 434 2200 glum
458 2118 585 2200 poetam
608 2111 666 2194 vel,
689 2111 716 2178 si
738 2110 798 2176 hoc
817 2107 1077 2175 honorificentius
1100 2114 1159 2191 est,
1178 2113 1477 2196 praeclarissimum

288 2230 326 2292 10
351 2233 464 2308 vatem,
483 2223 613 2292 deducit
629 2227 687 2288 aut
709 2221 828 2288 salutat
849 2224 906 2285 aut
924 2219 1149 2302 prosequitur?
1172 2243 1288 2305 nempe
1309 2224 1337 2288 si
1351 2223 1479 2290 amicus

348 2446 467 2504 wrrrden.
495 2448 538 2500 An
556 2443 598 2498 dle
611 2441 887 2509 Portrttmedaillons,
927 2441 976 2494 mit
988 2438 1116 2496 Pflanaen
1134 2443 1478 2500 bornhendernusdruck.

349 2515 450 2574 woleho
469 2512 520 2568 seit
539 2512 587 2566 der
606 2509 756 2578 Grundung
773 2510 821 2564 der
840 2526 887 2578 pa·
928 2510 1007 2563 Auoh
1027 2509 1070 2564 bei
1093 2510 1141 2565 der
1154 2511 1251 2568 Poesie
1269 2513 1380 2568 werden
1399 2515 1478 2569 tibri-

347 2583 509 2642 latlnisoheu
528 2579 682 2635 Biblloldek
699 2579 728 2632 iu
747 2579 837 2634 dieser
854 2595 888 2632 au
928 2593 1011 2644 gens,
1039 2580 1088 2633 wie
1119 2579 1161 2634 bei
1187 2581 1236 2636 der
1254 2582 1479 2650 Berodsamkeit,

347 2653 442 2710 Mareu
455 2647 815 2718 ausgeaelclrnetorltednor
830 2647 889 2714 (αιι-
928 2663 979 2700 ntur
996 2648 1023 2701 in
1049 2648 1201 2714 negativam
1221 2650 1319 2718 Sinna,
1349 2651 1395 2706 die
1414 2652 1478 2706 drei

348 2727 435 2778 storea
451 2715 714 2790 abscondentes.)
733 2714 890 2783 aulgestellt
930 2715 1162 2784 Gesichtspunkte
1179 2718 1228 2772 der
1249 2718 1329 2786 Ehre,
1348 2720 1398 2774 des
1417 2721 1479 2776 Nu-

347 2807 381 2846 aa
400 2788 507 2846 werden
526 2785 655 2858 pllagtem
672 2801 693 2840 s.
712 2784 828 2852 Annll,
846 2786 888 2838 87.
929 2791 1004 2838 taem
1040 2784 1096 2839 und
1130 2784 1179 2840 des
1205 2788 1344 2842 Genussas
1380 2798 1479 2844 unter-

347 2861 390 2928 88,
417 2859 491 2914 kann
516 2855 606 2912 wodor
630 2854 691 2910 hier
716 2853 785 2908 noch
812 2856 886 2908 all
929 2851 1067 2908 schieden.

346 2926 464 2998 gedaoht
498 2924 621 2992 weMon,
657 2923 692 2979 da
723 2939 757 2978 an
791 2920 888 2978 beiden
962 2923 986 2974 6.
1005 2924 1049 2974 eoi
1066 2922 1133 2976 tono
1146 2929 1202 2976 erl:
1216 2925 1480 2994 samosataeigent·

347 2997 449 3056 Stollon
481 3009 533 3050 uon
568 2993 653 3050 aloem
682 2991 815 3048 Schmuck
839 2988 889 3070 der
927 2989 982 3044 lieh
1000 2988 1106 3058 tolgan:
1133 2994 1219 3046 dicam
1239 2999 1338 3060 tarrac,
1362 3010 1420 3050 was
1446 2996 1478 3050 in

348 3067 455 3124 tltusor
474 3063 517 3119 dio
536 3061 611 3118 Reda
627 3062 671 3116 ist.
691 3092 723 3104 -
754 3061 827 3114 litati
845 3059 888 3114 due
928 3057 1040 3112 solohan
1067 3059 1163 3116 Fallen
1195 3061 1373 3117 bekanntlich
1409 3065 1477 3128 (wie

348 3131 513 3190 lusohrliten
545 3136 625 3186 noter
657 3129 750 3185 diesen
777 3127 888 3182 ltildoru
927 3125 998 3182 auch
1016 3128 1051 3182 im
1071 3127 1238 3198 Deutsohen)
1257 3130 1351 3199 htufig
1376 3147 1481 3200 ausge-

347 3202 396 3260 snl
412 3198 664 3258 Grobdonkmttlorn
683 3197 738 3254 uad
757 3205 843 3252 sonet.
928 3195 1020 3250 lasscn
1037 3196 1110 3250 wird.

382 3284 409 3326 o·
486 3271 508 3322 1.
544 3267 621 3322 Naar.
658 3266 689 3320 lu
708 3266 760 3322 den
779 3264 888 3320 vorher·
962 3266 987 3316 7.
1016 3268 1198 3333 Agamemnon
1223 3273 1272 3320 aot
1295 3269 1394 3322 lason:
1420 3285 1477 3326 von

367 3339 436 3392 eheu
458 3351 501 3402 eu,
529 3334 581 3390 dou
601 3333 773 3390 Sohlosssata
793 3348 845 3390 ron
865 3348 887 3386 o.
924 3333 1015 3400 J'onom
1034 3333 1141 3389 moohte
1160 3339 1236 3405 Aper
1264 3345 1478 3406 roraussetaem

382 3403 530 3462 bildsuden
549 3401 663 3458 Warton
681 3401 742 3456 siud
760 3401 803 3456 die
817 3400 888 3456 Vor-
929 3399 993 3456 dass
1019 3402 1162 3458 Maternus
1195 3405 1243 3459 ihu
1266 3407 1302 3460 im
1329 3405 1478 3474 Thyestes,

346 3473 444 3539 mella,
471 3470 574 3528 welche
612 3470 657 3526 die
680 3467 889 3526 Beredsamkeit
929 3467 987 3534 der,
1012 3485 1089 3524 sena
1107 3472 1177 3526 auch
1204 3473 1282 3528 nicht
1300 3475 1479 3542 ausgelthrt,

367 3541 484 3606 aarum,
509 3540 557 3598 mit
574 3539 633 3596 dem
670 3543 777 3594 rdssten
798 3537 887 3618 Nocit-
928 3551 959 3592 so
990 3536 1060 3593 doeh
1093 3542 1243 3596 entworlou
1282 3557 1354 3608 rar,
1397 3558 1422 3598 o.
1449 3546 1478 3612 3,

367 3610 434 3668 ruok
459 3623 616 3668 nasammon
637 3614 730 3664 osset
766 3605 805 3660 Es
823 3605 842 3660 h
927 3605 1029 3660 mdend
1061 3606 1204 3664 annnren
1247 3611 1352 3678 wude,
1383 3612 1478 3676 (wsnn

348 3681 408 3738 also
426 3680 475 3736 dor
492 3694 597 3748 gnoson
632 3675 735 3732 andem
754 3674 888 3730 derltee
927 3689 989 3729 man
1015 3675 1093 3730 nieht
1122 3679 1274 3732 mnehmen
1302 3681 1373 3747 will,
1407 3681 1478 3736 dass

347 3749 445 3822 Aper's
472 3753 572 3820 ‘smus
599 3745 648 3802 dor
670 3743 802 3800 dodanta
826 3743 889 3798 sehr
927 3741 1069 3798 Maternus
1087 3745 1148 3800 eine
1167 3744 1318 3803 temridere
1334 3749 1478 3818 Tragodie

348 3818 428 3886 nate,
456 3832 521 3876 cass
547 3816 616 3872 stou
641 3828 693 3870 aur
719 3812 763 3868 die
785 3811 887 3866 Bared·
927 3811 1149 3880 „Agamemnon
1181 3815 1347 3883 gsdichtat3
1385 3819 1477 3874 Jason

347 3887 480 3954 annis,
508 3885 584 3942 nieht
615 3883 660 3938 die
693 3880 789 3937 Pooslo
814 3879 889 3936 diosa
927 3879 990 3975 aaut
1005 3879 1151 3947 jndenl'nlls
1177 3884 1276 3938 iader
1327 3887 1396 3941 adea
1414 3903 1477 3941 ror.

348 3955 475 4024 l'oratgo
492 3954 575 4018 urea
592 3952 646 4008 uod
669 3950 763 4006 diesen
780 3948 887 4004 eadm·
929 3946 1005 4002 tter
1030 3948 1073 4004 die
1090 3951 1227 4020 lingodie
1252 3953 1387 4022 Thyestes
1417 3957 1478 4010 und

347 4023 401 4078 lton
413 4037 488 4080 muas
507 4037 569 4078 man
589 4020 757 4090 supplieren,
775 4033 819 4072 um
839 4017 888 4072 das
929 4016 1028 4072 Medea
1046 4033 1067 4072 a
1085 4033 1108 4072 o.
1130 4022 1155 4072 8.

348 4089 547 4160 matoneum
564 4107 627 4146 aa·
638 4106 671 4146 uu
688 4086 824 4144 erkltren.
849 4085 888 4140 Es
964 4088 1004 4140 10.
1024 4089 1151 4142 dmm
1170 4089 1259 4156 „naoh
1277 4090 1372 4146 Haase
1388 4092 1479 4160 gelei-

346 4159 385 4216 ist
408 4159 468 4216 also
499 4159 569 4214 auch
596 4158 655 4214 dias
685 4158 730 4212 eiu
754 4153 815 4210 suu
840 4153 889 4208 dos
928 4155 992 4208 ten“
1007 4154 1046 4219 (in
1064 4155 1139 4210 einer
1156 4157 1261 4213 andorn
1279 4159 1346 4214 Bed.
1367 4177 1391 4216 c.
1413 4163 1478 4230 84);

348 4225 510 4284 nonnosus
527 4241 579 4282 roa
605 4243 668 4281 aa·
701 4226 730 4280 ia
756 4223 805 4280 dor
830 4237 887 4290 sog.
928 4223 1051 4278 rohten
1070 4223 1477 4298 ,‚disnufnrmngmachcn“,

347 4293 887 4360 hwemnaotsudcumamanm
928 4305 984 4346 rso
1003 4291 1074 4346 nach
1092 4291 1141 4348 dor
1165 4295 1323 4350 munchen
1341 4298 1411 4352 Sitne
1430 4298 1476 4353 tei

346 4383 382 4422 ιιι
399 4367 467 4434 Agr.
486 4379 509 4418 o.
527 4365 570 4428 Ἠ,
587 4363 612 4416 8,
854 4428 860 4440 ¹
927 4360 980 4416 dou
998 4359 1186 4430 sngeoehonen
1197 4362 1335 4420 Mannern
1353 4367 1477 4422 ronSei-

391 4437 416 4488 a
453 4434 588 4488 wratis
622 4432 699 4485 «tuat
730 4428 889 4495 „vorstede
927 4437 975 4484 ton
1005 4429 1079 4484 ihrer
1104 4429 1241 4486 versarer
1267 4433 1322 4488 md
1347 4435 1477 4490 Clientes

346 4497 889 4638 normannicus
926 4497 1479 4643 alemannicas
