3210 5202
653 448 730 501 OAP.
749 451 790 501 41.
937 485 941 494 ,
1115 421 1117 428 ’
1201 456 1280 514 -141

166 624 237 703 fuit,
261 628 298 686 ut
321 626 486 704 pateretur
508 626 541 685 et
563 620 657 701 leges,
680 641 738 686 neo
761 620 842 686 bene
864 621 981 686 famam
1006 622 1207 704 eloquentiae
1232 621 1281 688 oi-

162 755 234 798 oero
257 733 314 796 tali
337 733 425 796 exitu
449 731 602 814 pensavit.
649 731 700 795 Sic
722 751 848 814 quoque
869 731 953 812 quod
985 739 1131 814 superest
1156 732 1280 816 antiqui
1301 730 1342 795 41

162 843 345 912 oratoribus
365 843 436 921 fori,
468 862 532 906 non
562 842 750 906 emendatae
783 863 964 924 uerusque
992 845 1030 907 ad
1066 848 1172 907 votum
1197 863 1280 908 oom-

161 957 285 1039 positae
315 954 450 1017 civitatis
480 958 705 1044 argumentum
737 958 794 1017 est.
840 952 918 1032 Quis
951 955 1036 1018 enim
1064 975 1121 1019 nos
1149 954 1282 1019 advocat

161 1068 222 1132 nisi
246 1071 443 1132 autmooens
465 1068 522 1126 aut
544 1063 664 1126 miser?
694 1065 777 1146 quod
802 1064 1010 1147 municipium
1037 1066 1069 1128 in
1102 1064 1282 1130 clientelam

161 1183 307 1244 nostram
331 1175 418 1240 venit
441 1174 501 1238 nisi
525 1175 606 1255 quod
639 1181 695 1238 aut
723 1174 844 1239 vicinus
870 1174 1005 1258 populus
1028 1180 1086 1240 aut
1107 1176 1282 1241 domestica
1307 1176 1324 1233 5

162 1289 320 1354 discordia
340 1285 463 1368 agitat?
486 1305 581 1366 quam
604 1286 797 1367 prouinciam
818 1291 946 1350 tuemur
968 1285 1029 1350 nisi
1047 1287 1216 1369 spoliatam
1233 1309 1283 1352 ve·

163 1397 361 1480 natamque?
390 1396 479 1478 atqui
511 1395 622 1459 melius
652 1395 765 1460 fuisset
795 1417 858 1462 non
880 1397 971 1479 queri
999 1416 1094 1478 quam
1119 1397 1282 1462 vindicari.
1348 1471 1351 1477 ‚

164 1513 253 1590 Quod
281 1511 305 1572 si
331 1506 527 1571 inveniretur
558 1507 664 1589 aliqua
689 1506 814 1584 civitas,
846 1506 879 1569 in
909 1527 973 1590 qua
1003 1527 1097 1572 nemo
1125 1513 1282 1590 peccaret,

165 1639 380 1704 supervacuus
403 1621 487 1682 esset
510 1618 594 1681 inter
620 1617 805 1682 innocentes
830 1621 955 1696 orator‚·
978 1617 1061 1681 sicut
1083 1618 1168 1682 inter
1190 1638 1283 1684 sanos

164 1731 325 1812 mediqus3
349 1749 410 1811 quo
433 1728 526 1791 modo
549 1733 656 1792 tamen
680 1727 848 1791 minimum
870 1746 946 1792 usus
965 1728 1196 1811 minimumque
1210 1750 1282 1812 pro·
1310 1735 1348 1796 10

164 1843 267 1906 fectus
290 1861 342 1904 ars
365 1837 521 1903 medentis
544 1837 643 1902 habet
670 1838 703 1900 in
734 1838 772 1901 iis
796 1838 959 1920 gentibus,
992 1859 1073 1921 quae
1103 1839 1284 1905 firmissima

164 1951 340 2019 valitudine
362 1970 399 2014 ae
421 1948 638 2012 saluberrimis
660 1948 844 2030 corporibus
860 1953 1006 2028 utuntur,
1029 1950 1073 2013 sia
1095 1951 1198 2018 minor
1214 1973 1284 2016 ora·

162 2072 269 2129 torum
290 2063 391 2127 honor
420 2058 646 2140 obscuriorque
678 2059 779 2141 gloria
811 2066 859 2124 est
887 2059 971 2124 inter
1000 2059 1100 2126 bonos
1125 2038 1230 2128 mores
1252 2068 1285 2127 et

165 2176 197 2238 in
224 2172 409 2254 obsequium
434 2169 572 2251 regentis
594 2174 733 2251 paratos.
780 2169 861 2248 Quid
890 2171 974 2234 enim
997 2189 1076 2254 opus
1107 2177 1156 2236 est
1182 2173 1285 2257 longis

198 2393 225 2434 o.
244 2376 290 2447 41,
310 2381 333 2429 Ι.
363 2377 410 2428 Sic
429 2391 531 2443 qaoque
549 2375 635 2442 „auch
656 2391 704 2426 un·
746 2376 787 2442 38,
808 2378 832 2427 2.
868 2374 930 2442 [Die
950 2375 1103 2430 Handsehr.
1122 2375 1213 2432 haben
1236 2396 1286 2432 uo-

164 2455 206 2500 tor
224 2447 276 2500 den
305 2444 492 2499 obualtenden
513 2443 705 2511 Umstiindeu“,
746 2446 829 2510 liquis
850 2444 903 2497 und
922 2445 1028 2512 sorum,
1052 2445 1127 2499 ABD
1152 2447 1220 2501 oder
1238 2450 1287 2500 to-

165 2515 233 2568 dh.
253 2514 304 2568 wie
323 2514 366 2567 die
385 2513 491 2567 Sachen
515 2513 585 2580 jetzt
603 2513 705 2580 liegen3
745 2529 813 2574 rum,
833 2512 895 2579 ΟΕ,
923 2519 991 2568 statt
1018 2515 1125 2582 uertiqut
1148 2516 1204 2570 und
1221 2518 1286 2585 fori.

162 2585 216 2650 vgl.
236 2585 304 2637 uber
326 2583 419 2636 diesen
435 2581 578 2635 Gabrauch
596 2597 648 2634 von
667 2585 707 2635 siu
746 2581 799 2633 Ein
847 2582 963 2635 anderen
1008 2581 1289 2652 Verbesserungsvor·

164 2669 271 2722 quoque
290 2654 358 2704 Ann.
379 2651 426 2718 IV,
444 2654 486 2703 40.
512 2649 601 2714 Quint.
622 2652 662 2715 X,
683 2654 706 2717 1,
747 2649 840 2717 schlag
864 2651 915 2703 ist:
942 2652 1012 2719 quod
1031 2658 1153 2718 superest
1178 2669 1211 2705 en
1236 2670 1286 2706 uo-

164 2725 223 2776 131.
244 2721 304 2775 Seu.
325 2720 358 2774 de
377 2721 442 2773 Ben.
458 2718 507 2783 ΙΙΙ,
525 2719 566 2784 31,
587 2722 610 2770 1.
634 2719 705 2786 Epp.
747 2722 830 2787 liquis
847 2721 1008 2786 oratoribus,
1027 2719 1076 2773 mit
1086 2721 1289 2789 Beibehaltung

163 2794 207 2856 94,
226 2793 267 2842 31.
302 2789 352 2857 [Es
371 2788 447 2842 hatte
472 2787 556 2840 daher
575 2793 641 2840 statt
662 2790 707 2841 Sic
747 2789 813 2840 oder
833 2787 1016 2855 Weglassung
1036 2805 1087 2842 von
1107 2790 1219 2860 foram]

164 2855 705 2925 auchNeuroderlloan'arnliehforium,
783 2873 818 2942 [q
854 2875 920 2938 Quis
948 2878 1033 2927 enim:
1058 2888 1088 2928 50
1110 2867 1172 2942 GE}
1197 2876 1288 2932 Ab„

162 2935 258 3008 ἕθὲθὲῑ
276 2927 382 3010 werde?
401 2927 519 3006 lfllllflssssa
539 2941 568 2977 0⁵
584 2933 621 2977 lit
640 2925 707 3005 aber
747 2945 853 3011 quidem
881 2945 951 3009 quood
976 2943 1025 2995 mit
1052 2943 1288 3011 dbergeschriebe·

161 2998 327 3063 klffleswegfl
335 2994 439 3074 9021]ng
454 3010 504 3049 Wle
517 3009 578 3048 man
592 3001 708 3059 gemeffll
746 3027 806 3065 nem
825 3013 885 3078 qais
906 3015 985 3079 etaim,
1003 3011 1025 3062 B
1043 3014 1107 3079 qaid
1125 3014 1195 3065 enim
1209 3015 1286 3082 quod,

162 3067 220 3132 hat,
249 3065 298 3122 das
317 3079 376 3117 erne
395 3064 462 3116 oder
483 3063 532 3115 das
551 3063 652 3116 audere
672 3079 707 3116 au
747 3081 770 3132 Ι)
798 3083 857 3148 quis
883 3081 954 3132 enim
980 3082 1085 3147 quidem
1110 3084 1197 3149 quod·
1223 3084 1288 3150 qaid

162 3135 207 3188 die
227 3133 309 3186 Stelle
324 3148 376 3186 von
397 3133 444 3184 Sic
462 3148 496 3185 zu
515 3131 627 3201 sennen]
747 3152 817 3202 mim
846 3151 916 3216 quod
949 3148 997 3202 der
1026 3121 1222 3204 Handschrn'ss
1250 3151 1287 3205 ist

199 3205 270 3286 quud
287 3207 410 3270 superest
431 3203 538 3278 oritipiri
557 3201 707 3254 oratoribus
747 3234 837 3286 Ἦρξε,
865 3216 912 3270 der
936 3217 1151 3286 nachfolgenden
1170 3219 1286 3288 pragen,

161 3275 218 3342 pra
243 3271 268 3324 d·
288 3271 314 3323 h·
346 3269 392 3323 na
411 3268 556 3336 (Wenue),
582 3285 636 3322 was
653 3285 706 3322 von
746 3287 794 3341 mu
813 3287 900 3341 denen
920 3286 995 3341 arose
1014 3297 1087 3342 ersa
1113 3287 1156 3341 ue
1198 3289 1287 3341 reione

162 3341 223 3395 dem
250 3339 324 3424 flltffss
346 3339 454 3418 'Forum
487 3338 556 3390 ¹¹⁰⁰h
589 3337 633 3390 ffll
663 3339 706 3391 ‘150
746 3356 826 3409 Form
844 3355 934 3410 haben
954 3370 1036 3423 musa,
1055 3356 1130 3410 nieht
1148 3373 1180 3410 zu
1210 3357 1286 3426 ssig]

163 3409 272 3463 Redner
291 3409 371 3475 ubrrg
397 3413 448 3472 rst3
477 3406 548 3459 deun
574 3422 627 3460 von
647 3406 706 3460 dem

162 3478 269 3544 Viden,
295 3493 351 3530 uas
371 3477 440 3529 eiust
459 3473 508 3528 aul
527 3475 586 3529 dem
605 3476 705 3529 Forum

162 3545 322 3600 verbandelt
341 3545 439 3607 warde,
465 3559 519 3598 war
541 3560 593 3597 nur
613 3543 705 3598 Weni·

162 3632 211 3683 ges
239 3614 319 3680 bbrig
346 3612 503 3681 gabindan,
535 3613 624 3666 indem
657 3613 705 3665 das

162 3683 262 3737 Meiste
289 3682 425 3737 entweder
458 3681 505 3734 der
532 3680 706 3734 dffentlichen

162 3752 357 3818 Verhandluug
392 3751 547 3817 uberhaupt
572 3758 704 3818 entzogen

164 3823 229 3876 oder
248 3820 298 3875 auf
314 3820 502 3887 gesehlossene
522 3819 625 3874 R'aume
648 3819 704 3872 ein-

781 3445 804 3494 7.
822 3458 876 3494 riou
896 3444 973 3509 queri
994 3441 1089 3508 „nicht
1106 3458 1139 3495 zu
1160 3441 1287 3511 klagen“‚

746 3509 801 3563 und
826 3509 899 3577 also,
928 3509 998 3563 denn
1026 3508 1076 3564 das
1105 3510 1172 3578 liegt
1199 3510 1287 3578 dunin,

745 3578 825 3632 keine
836 3579 1039 3646 Veranlassuug
1058 3595 1118 3632 aum
1130 3579 1234 3647 Klagen
1252 3596 1286 3632 zu

745 3646 843 3701 haben.
890 3647 953 3717 [Die
986 3647 1131 3714 Oonjectur
1158 3649 1220 3715 ptari
1251 3648 1287 3701 ist

746 3717 849 3769 souach
868 3715 1007 3782 unnothig‚
1035 3717 1070 3768 ist
1088 3715 1218 3784 ubrigens
1235 3731 1287 3770 we-

745 3801 797 3852 gen
818 3787 865 3838 der
884 3784 1039 3838 Hartedes
1057 3784 1224 3849 Ausdrueks,
1251 3784 1286 3838 da

162 3890 341 4027 sardus
354 3888 573 4025 lauriana
590 3904 706 4009 sauma
744 3851 1031 3989 tartareae
1044 3857 1286 3988 '’425“'4441

165 4029 216 4082 den
242 4025 311 4080 rinch
338 4027 451 4093 dbrigen
477 4025 704 4093 Verhandlungen
745 3997 856 4058 mnsste,
875 4007 909 4044 ³¹¹
929 3990 988 4044 Μ]
1005 3990 1088 4043 haum
1106 3989 1244 4059 zufflsissd

164 4097 213 4150 aiil
229 4097 291 4149 dem
309 4095 410 4149 Forum
437 4112 470 4148 zu
495 4094 563 4149 tlnun
581 4094 636 4148 und
654 4093 706 4147 soll
780 4077 834 4146 [¹3·
860 4081 944 4129 ¹¹⁰²²⁰4
963 4075 1032 4131 fehlt
1051 4075 1080 4128 in
1097 4076 1192 4162 Apdie
1211 4077 1285 4130 fibri·

164 4165 215 4220 den
244 4165 346 4219 Beueis
381 4162 498 4230 fdhren,
530 4163 594 4218 dass
622 4162 706 4216 selbst
745 4143 1285 4214 genffifldflsshr·habendafflrdmmd

164 4235 252 4288 dieses
282 4233 399 4300 Wenige
438 4232 532 4286 besser
579 4231 707 4285 entbehrt
781 4235 822 4285 14.
841 4234 871 4284 iu
882 4232 1034 4298 obsequium
1050 4269 1076 4283 ..
1092 4237 1214 4299 puratos,
1231 4232 1286 4298 vgl.

164 4303 265 4370 uurde,
290 4301 324 4356 da
342 4318 371 4356 es
395 4319 447 4355 nur
464 4301 508 4355 eiu
526 4300 631 4355 Beweis
649 4300 705 4353 und
746 4302 907 4420 compositus
933 4302 979 4363 in,
1004 4301 1070 4420 Algr.
1094 4302 1135 4354 42.
1159 4301 1230 4353 Anu.
1250 4300 1286 4366 ΙΙ,

164 4373 225 4426 eine
238 4373 322 4440 Fulge
340 4371 389 4424 der
400 4370 472 4424 noch
483 4371 558 4424 nicht
568 4386 616 4423 zur
630 4368 704 4423 Voll·
745 4371 786 4422 82.
818 4369 854 4436 ΙΙ,
873 4371 915 4422 44.
934 4369 1005 4423 Hist.
1040 4371 1106 4438 ‚54

163 4437 705 4508 kommenheitgebraehtenoffentlicben
781 4439 868 4506 loupis
896 4441 926 4491 to
952 4443 1049 4491 senatu
1074 4438 1214 4490 sententiis
1238 4436 1285 4489 be-

164 4509 301 4564 Zustande
328 4510 376 4563 sei.
414 4510 473 4562 Den
492 4508 645 4574 Gegensatz
671 4522 704 4558 zu
745 4507 818 4562 nieht
836 4507 895 4561 sich
913 4506 963 4561 auf
979 4522 1001 4559 e.
1020 4508 1062 4573 36,
1081 4507 1132 4558 28:
1159 4522 1217 4558 cum
1234 4521 1285 4574 po-

166 4579 266 4632 diesem
285 4579 355 4632 noeh
369 4578 557 4632 bestehonden
570 4576 638 4629 Rest
658 4577 705 4629 des
744 4582 891 4630 rumestat
914 4580 944 4628 iu
970 4580 1066 4628 senato
1090 4577 1205 4628 breuiter
1224 4591 1286 4626 ceu-

165 4647 237 4702 alten
252 4649 353 4703 Forum
372 4646 457 4700 bildet
474 4647 542 4700 illud
560 4648 660 4716 domm,
681 4660 703 4697 e.
745 4662 812 4699 sere.
